<collection xmlns="http://www.loc.gov/MARC21/slim">
<record>
  <leader>00914nam0a22001691i 450 </leader>
  <controlfield tag="001">IT\ICCU\CNCE\062392</controlfield>
  <controlfield tag="005">20060907000000.0</controlfield>
  <datafield tag="100" ind1=" " ind2=" ">
    <subfield code="a">20051109d1552        0itac0103    ba</subfield>
  </datafield>
  <datafield tag="101" ind1=" " ind2=" ">
    <subfield code="a">LAT</subfield>
  </datafield>
  <datafield tag="102" ind1=" " ind2=" ">
    <subfield code="a">IT</subfield>
  </datafield>
  <datafield tag="200" ind1="1" ind2=" ">
    <subfield code="a">℗L. Annaei Senecae Cordubensis ℗Tragoediae. Quibus adiectae sunt recenti hac nostra editione in locos obscuriores notae ad marginem ex eruditissimi authoris animaduersione</subfield>
  </datafield>
  <datafield tag="210" ind1=" " ind2=" ">
    <subfield code="a">Bergomi</subfield>
    <subfield code="c">proelis Marci Antonij Rubei</subfield>
    <subfield code="d">1552</subfield>
  </datafield>
  <datafield tag="215" ind1=" " ind2=" ">
    <subfield code="a">552 p.</subfield>
    <subfield code="d">16ʻ</subfield>
  </datafield>
  <datafield tag="300" ind1=" " ind2=" ">
    <subfield code="a">ANNULLATA  !!!!  Marcantonio Rossi risulta aver stampato a Bergamo alla met ̉del XVII s. In SBN c&apos; ̈quest&apos;ed. con la data del 1552 messa da una biblioteca diversa da BS06 (la Ricottiana di Voghera, PV06). E&apos; probabile ci sia un errore di stampa nella data sul front</subfield>
  </datafield>
  <datafield tag="700" ind1=" " ind2="1">
    <subfield code="a">Seneca,</subfield>
    <subfield code="b">Lucius Annaeus</subfield>
    <subfield code="3">IT\ICCU\CNCA\004486</subfield>
  </datafield>
  <datafield tag="801" ind1=" " ind2="3">
    <subfield code="a">IT</subfield>
    <subfield code="b">ICCU</subfield>
    <subfield code="c">20201115</subfield>
  </datafield>
  <datafield tag="899" ind1=" " ind2=" ">
    <subfield code="a">Biblioteca della Fondazione Ugo da Como. Lonato</subfield>
    <subfield code="1">BS0092</subfield>
    <subfield code="2">LO1 18</subfield>
  </datafield>
</record>
</collection>
